@article{assaf2014financcas,
  title={Finan{\c{c}}as corporativas e valor. S{\~a}o Paulo: Atlas, 2010. \_},
  author={ASSAF NETO, Alexandre},
  journal={Estrutura e an{\'a}lise de balan{\c{c}}os},
  volume={10},
  year={2014}
}

@article{burger2011attain,
  title={How to attain value for money: comparing PPP and traditional infrastructure public procurement},
  author={Burger, Philippe and Hawkesworth, Ian},
  journal={OECD Journal on Budgeting},
  volume={11},
  number={1},
  pages={91--146},
  year={2011},
  publisher={OECD}
}

@article{engel2008public,
  title={Public-private partnerships},
  author={Engel, Eduardo and Fischer, Ronald and Galetovic, Alexander and others},
  year={2008},
  publisher={IMF Institute}
}

@article{firmino2018fatores,
  title={Fatores cr{\'\i}ticos de sucesso das Parcerias P{\'u}blico-Privadas: aspetos pol{\'\i}tico-institucionais. Estudo de caso das rodovias em Portugal},
  author={Firmino, Sandra I},
  journal={Revista de Administra{\c{c}}{\~a}o P{\'u}blica},
  volume={52},
  pages={1270--1281},
  year={2018},
  publisher={SciELO Brasil}
}

@article{siemiatycki2012value,
  title={Value for money and risk in public--private partnerships: Evaluating the evidence},
  author={Siemiatycki, Matti and Farooqi, Naeem},
  journal={Journal of the American Planning Association},
  volume={78},
  number={3},
  pages={286--299},
  year={2012},
  publisher={Taylor \& Francis}
}

@article{hart1997proper,
  title={The proper scope of government: theory and an application to prisons},
  author={Hart, Oliver and Shleifer, Andrei and Vishny, Robert W},
  journal={The Quarterly Journal of Economics},
  volume={112},
  number={4},
  pages={1127--1161},
  year={1997},
  publisher={MIT Press}
}

@book{hart1995firms,
  title={Firms, contracts, and financial structure},
  author={Hart, Oliver},
  year={1995},
  publisher={Clarendon press}
}

@article{hart1990property,
  title={Property Rights and the Nature of the Firm},
  author={Hart, Oliver and Moore, John},
  journal={Journal of political economy},
  volume={98},
  number={6},
  pages={1119--1158},
  year={1990},
  publisher={The University of Chicago Press}
}

@article{hart2003incomplete,
  title={Incomplete contracts and public ownership: Remarks, and an application to public-private partnerships},
  author={Hart, Oliver},
  journal={The economic journal},
  volume={113},
  number={486},
  pages={C69--C76},
  year={2003},
  publisher={Oxford University Press Oxford, UK}
}

@article{holmstrom1991multitask,
  title={Multitask principal-agent analyses: Incentive contracts, asset ownership, and job design},
  author={Holmstrom, Bengt and Milgrom, Paul},
  journal={JL Econ. \& Org.},
  volume={7},
  pages={24},
  year={1991},
  publisher={HeinOnline}
}

@article{macario2010future,
  title={Future challenges for transport infrastructure pricing in PPP arrangements},
  author={Mac{\'a}rio, Ros{\'a}rio},
  journal={Research in Transportation Economics},
  volume={30},
  number={1},
  pages={145--154},
  year={2010},
  publisher={Elsevier}
}

@article{o2020using,
  title={Using PPP to procure social infrastructure: Lessons from 20 years of experience in Ireland},
  author={Oâ€™Shea, Cian and Palcic, D{\'o}nal and Reeves, Eoin},
  journal={Public Works Management \& Policy},
  volume={25},
  number={3},
  pages={201--213},
  year={2020},
  publisher={SAGE Publications Sage CA: Los Angeles, CA}
}

@article{osei2015review,
  title={Review of studies on the Critical Success Factors for Public--Private Partnership (PPP) projects from 1990 to 2013},
  author={Osei-Kyei, Robert and Chan, Albert PC},
  journal={International journal of project management},
  volume={33},
  number={6},
  pages={1335--1346},
  year={2015},
  publisher={Elsevier}
}

@inproceedings{pena2011public,
  title={Public-private partnerships in the airport sector},
  author={Pena, Andr{\'e} Franco and Mac{\'a}rio, Ros{\'a}rio},
  booktitle={Vol. Sl, AIRDEV Seminar--Business Models for Airport Development, Lisbon, Portugal},
  volume={20},
  year={2011}
}

@book{moschouli2015benefit,
  title={BENEFIT: business models for enhancing funding and enabling financing for infrastructure in transport: PPP and public transport infrastructure financing case studies},
  author={Moschouli, Eleni and Benabid, Roberto and Bj{\o}rberg, Svein and Borremans, Arnaud and Campos M{\'e}ndez, Javier and Cardenas, Ibsen and Cirilovic, Jelena and Duarte Costa, Joana and Eichner, Mark and Folkers, Richard and others},
  year={2015}
}

@phdthesis{soares2019value,
  title={O value for money na avalia{\c{c}}{\~a}o da op{\c{c}}{\~a}o de parceria p{\'u}blico-privada no setor de energia do Piau{\'\i}: um estudo de caso},
  author={Soares J{\'u}nior, Jos{\'e}},
  year={2019}
}

@article{tirole1999incomplete,
  title={Incomplete contracts: Where do we stand?},
  author={Tirole, Jean},
  journal={Econometrica},
  volume={67},
  number={4},
  pages={741--781},
  year={1999},
  publisher={Wiley Online Library}
}
